<record><leader>00000cas a22000007a 4500</leader><controlfield tag="001">21931666</controlfield><controlfield tag="008">900628d19011922pr dr ne      0    0spa d</controlfield><datafield ind1=" " ind2=" " tag="010"><subfield code="a">sn 90070185 </subfield></datafield><datafield ind1=" " ind2=" " tag="040"><subfield code="a">PNN</subfield><subfield code="b">eng</subfield><subfield code="c">PNN</subfield><subfield code="d">OCLCQ</subfield><subfield code="d">DLC</subfield><subfield code="d">OCLCF</subfield></datafield><datafield ind1=" " ind2=" " tag="042"><subfield code="a">msc</subfield></datafield><datafield ind1=" " ind2=" " tag="043"><subfield code="a">nwpr---</subfield></datafield><datafield ind1="0" ind2="0" tag="050"><subfield code="a">Newspapers</subfield></datafield><datafield ind1="0" ind2="3" tag="245"><subfield code="a">La voz de la patria.</subfield></datafield><datafield ind1=" " ind2=" " tag="260"><subfield code="a">Mayagu&#776;ez, P.R. :</subfield><subfield code="b">La Voz de la Patria</subfield></datafield><datafield ind1=" " ind2=" " tag="300"><subfield code="a">v.</subfield></datafield><datafield ind1=" " ind2=" " tag="310"><subfield code="a">Daily</subfield></datafield><datafield ind1="1" ind2=" " tag="362"><subfield code="a">Began with Dec. 14, 1901 issue; ceased with Aug. 5, 1922 issue.</subfield></datafield><datafield ind1=" " ind2=" " tag="500"><subfield code="a">"Diario puertorriquen&#771;o para el pueblo puertorriquen&#771;o."</subfield></datafield><datafield ind1=" " ind2=" " tag="588"><subfield code="a">Description based on: An&#771;o 10, nu&#769;m. 2,765 (15 de agosto de 1910).</subfield></datafield><datafield ind1=" " ind2=" " tag="588"><subfield code="a">Latest issue consulted: Ano XIII, nu&#769;m 3464 (17 de Marzo de 1913).</subfield></datafield><datafield ind1=" " ind2="0" tag="651"><subfield code="a">Mayagu&#776;ez (P.R.)</subfield><subfield code="v">Newspapers.</subfield></datafield><datafield ind1=" " ind2="7" tag="655"><subfield code="a">Newspapers.</subfield><subfield code="2">fast</subfield><subfield code="0">(OCoLC)fst01423814</subfield></datafield><datafield ind1=" " ind2="7" tag="651"><subfield code="a">Puerto Rico</subfield><subfield code="z">Mayagu&#776;ez.</subfield><subfield code="2">fast</subfield><subfield code="0">(OCoLC)fst01202670</subfield></datafield><datafield ind1=" " ind2=" " tag="752"><subfield code="a">United States</subfield><subfield code="b">Puerto Rico</subfield><subfield code="d">Mayagu&#776;ez.</subfield></datafield></record>